@Article{ app06,
	author = "A. Senior and A. Hampapur and Y. L. Tian and L. Brown and S. Pankanti and R. Bolle",
	journal = "Image and Vision Computing",
	keywords = "bir",
	number = "11",
	pages = "1233--1243",
	publisher = "Elsevier",
	title = "{Appearance models for occlusion handling}",
	volume = "24",
	year = "2006"
}

@misc{cvblob,
      title = "cvBlob",
      url = "http://cvblob.googlecode.com",
      author = "Cristóbal Carnero Liñán",
}

@Book{ Gesturecraft,
	title = "Gesturecraft",
	author = "J{\"u}rgen Streeck",
	publisher = "John Benjamins Publishing Company",
	year = "2009"
}

@InProceedings{ skinColorSeg,
	author = "S. Askar and Y. Kondratyuk and K. Elazouzi and P. Kauff and O. Schreer",
	booktitle = "Visual Media Production, 2004. (CVMP). 1st European Conference on",
	title = "Vision-based skin-colour segmentation of moving hands for real-time applications",
	year = "2004",
	month = "march",
	pages = " 79--85"
}

@Article{ gestureRecreation,
	author = "Michael Neff and Michael Kipp and Irene Albrecht and Hans-Peter Seidel",
	title = "Gesture modeling and animation based on a probabilistic re-creation of speaker style",
	journal = "ACM Trans. Graph.",
	volume = "27",
	number = "1",
	year = "2008",
	issn = "0730-0301",
	pages = "1--24",
	doi = "http://doi.acm.org/10.1145/1330511.1330516",
	publisher = "ACM",
	address = "New York, NY, USA"
}

@Article{ gestureVizRec,
	author = "Javier Varona and Antoni Jaume-i-Cap{\'o} and Jordi Gonz{\'i}lez and Francisco J. Perales",
	title = "Toward natural interaction through visual recognition of body gestures in real-time",
	journal = "Interact. Comput.",
	volume = "21",
	number = "1-2",
	year = "2009",
	issn = "0953-5438",
	pages = "3--10",
	doi = "http://dx.doi.org/10.1016/j.intcom.2008.10.001",
	publisher = "Elsevier Science Inc.",
	address = "New York, NY, USA"
}

@TechReport{ Derpanisreview,
	author = "Konstantinos Derpanis",
	title = "A Review of Vision-Based Hand Gestures",
	institution = "",
	year = "2004"
}

@Article{ Pavlovic97visinter,
	author = "Vladimir I. Pavlovic and Rajeev Sharma and Thomas S. Huang",
	title = "Visual Interpretation of Hand Gestures for Human-Computer Interaction: A Review",
	journal = "IEEE Transactions on Pattern Analysis and Machine Intelligence",
	year = "1997",
	volume = "19",
	pages = "677--695"
}

@Article{ cuedSpeech,
	title = "Cued speech gesture recognition: a first prototype based on early reduction",
	journal = "J. Image Video Process.",
	volume = "2007",
	number = "4",
	year = "2007",
	issn = "1687-5176",
	pages = "1--19",
	doi = "http://dx.doi.org/10.1155/2007/73703",
	publisher = "Hindawi Publishing Corp.",
	address = "New York, NY, United States"
}

@InProceedings{ Li06improvingthe,
	author = "Na Li and Neema Moraveji and Hiroaki Kimura and Eyal Ofek",
	title = "Improving the Experience of Controlling Avatars in Camera-Based Games Using Physical Input",
	booktitle = "Proceedings of the 14th annual ACM international conference on Multimedia Matsumoto, D., (2005). Culture and nonverbal behavior. In: Manusov",
	year = "2006"
}

@Misc{ natalProject,
	title = "Project Natal",
	url = "http://en.wikipedia.org/wiki/Project_Natal"
}

@Book{ gestureThought,
	title = "Gesture and Thought",
	author = "David McNeill",
	publisher = "University of Chicago Press",
	year = "2005",
	isbn = "0-226-51462-5"
}

@Book{ morphologicalAnalysis,
	title = "Morphological Image Analysis: Principles and Applications",
	author = "Pierre Soille",
	publisher = "Springer",
	year = "2004",
	isbn = "3-540-42988-3"
}

@Article{ naturalNorman2010,
	author = "Donald A. Norman",
	title = "The way I see it: Natural user interfaces are not natural",
	journal = "interactions",
	volume = "17",
	number = "3",
	year = "2010",
	issn = "1072-5520",
	pages = "6--10",
	doi = "http://doi.acm.org/10.1145/1744161.1744163",
	publisher = "ACM",
	address = "New York, NY, USA"
}

@Article{ SymbolicGest,
	TITLE = "Symbolic gestures and spoken language are processed by a common neural system.",
	author = "Jian Xu et Al.",
	JOURNAL = "Proc Natl Acad Sci U S A",
	VOLUME = "106",
	YEAR = "2009",
	NUMBER = "49",
	PAGES = "20664--9",
	URL = "http://www.biomedsearch.com/nih/Symbolic-gestures-spoken-language-are/19923436.html",
	PubMedID = "19923436",
	ISSN = "1091-6490"
}

@Article{ BuxtonTablet,
	author = "SK Lee and William Buxton and K. C. Smith",
	title = "A multi-touch three dimensional touch-sensitive tablet",
	journal = "SIGCHI Bull.",
	volume = "16",
	number = "4",
	year = "1985",
	issn = "0736-6906",
	pages = "21--25",
	doi = "http://doi.acm.org/10.1145/1165385.317461",
	publisher = "ACM",
	address = "New York, NY, USA"
}

@Unpublished{ BuxtonSystemsLike,
	author = "Bill Buxton",
	citeulike-article-id = "1771874",
	citeulike-linkout-0 = "http://www.billbuxton.com/multitouchOverview.html",
	keywords = "interaction, multi-touch, overview",
	organization = "Microsoft Research",
	posted-at = "2008-03-05 16:05:51",
	priority = "2",
	title = "Multi-Touch Systems that I Have Known and Loved (Overview)",
	url = "http://www.billbuxton.com/multitouchOverview.html",
	year = "2007"
}

@InProceedings{ 1Dollar,
	author = "Jacob O. Wobbrock and Andrew D. Wilson and Yang Li",
	title = "Gestures without libraries, toolkits or training: a \$1 recognizer for user interface prototypes",
	booktitle = "UIST '07: Proceedings of the 20th annual ACM symposium on User interface software and technology",
	year = "2007",
	isbn = "978-1-59593-679-2",
	pages = "159--168",
	location = "Newport, Rhode Island, USA",
	doi = "http://doi.acm.org/10.1145/1294211.1294238",
	publisher = "ACM",
	address = "New York, NY, USA"
}

@InProceedings{ NDollar,
	author = "Lisa Anthony and Jacob O. Wobbrock",
	title = "A lightweight multistroke recognizer for user interface prototypes",
	booktitle = "GI '10: Proceedings of Graphics Interface 2010 on Proceedings of Graphics Interface 2010",
	year = "2010",
	isbn = "978-1-56881-712-5",
	pages = "245--252",
	location = "Ottawa, Ontario, Canada",
	publisher = "Canadian Information Processing Society",
	address = "Toronto, Ont., Canada, Canada"
}

@InProceedings{ 3Dollar,
	author = "Sven Kratz and Michael Rohs",
	title = "A \$3 gesture recognizer: simple gesture recognition for devices equipped with 3D acceleration sensors",
	booktitle = "IUI '10: Proceeding of the 14th international conference on Intelligent user interfaces",
	year = "2010",
	isbn = "978-1-60558-515-4",
	pages = "341--344",
	location = "Hong Kong, China",
	doi = "http://doi.acm.org/10.1145/1719970.1720026",
	publisher = "ACM",
	address = "New York, NY, USA"
}

@InProceedings{ CentroidGest,
	author = "Martin Thomas Gorg and Michael Cebulla and Sandro Rodriguez Garzon",
	title = "A Framework for Abstract Representation and Recognition of Gestures in Multi-touch Applications",
	booktitle = "ACHI '10: Proceedings of the 2010 Third International Conference on Advances in Computer-Human Interactions",
	year = "2010",
	isbn = "978-0-7695-3957-7",
	pages = "143--147",
	doi = "http://dx.doi.org/10.1109/ACHI.2010.8",
	publisher = "IEEE Computer Society",
	address = "Washington, DC, USA"
}

@Unpublished{ HowSystemsKinect,
	author = "Stephanie Crawford",
	keywords = "interaction, Kinect, Microsoft",
	organization = "Microsoft Research",
	title = "How Microsoft Kinect Works",
	url = "http://electronics.howstuffworks.com/microsoft-kinect.htm/printable",
	year = "2010"
}

@Unpublished{ EyeToy,
	keywords = "interaction, Playstation, EyeToy",
	title = "Playstation EyeToy",
	url = "http://en.wikipedia.org/wiki/EyeToy",
	year = "2010"
}

@Unpublished{ EvoluceGest,
	keywords = "interaction, Gestures, Off-Screen, Evoluce",
	title = "Evoluce Off-Screen Gestures",
	url = "http://www.engadget.com/2010/05/13/evoluce-47-inch-hd-multitouch-display-gets-off-screen-gesture-co/",
	year = "2010"
}

@InProceedings{ BidiScreen,
	author = "Matthew Hirsch and Douglas Lanman and Henry Holtzman and Ramesh Raskar",
	title = "BiDi screen: a thin, depth-sensing LCD for 3D interaction using light fields",
	booktitle = "SIGGRAPH Asia '09: ACM SIGGRAPH Asia 2009 papers",
	year = "2009",
	isbn = "978-1-60558-858-2",
	pages = "1--9",
	location = "Yokohama, Japan",
	doi = "http://doi.acm.org/10.1145/1661412.1618505",
	publisher = "ACM",
	address = "New York, NY, USA"
}

@InProceedings{ SideSight,
	author = "Alex Butler and Shahram Izadi and Steve Hodges",
	title = "SideSight: multi-touch interaction around small devices",
	booktitle = "UIST '08: Proceedings of the 21st annual ACM symposium on User interface software and technology",
	year = "2008",
	isbn = "978-1-59593-975-3",
	pages = "201--204",
	location = "Monterey, CA, USA",
	doi = "http://doi.acm.org/10.1145/1449715.1449746",
	publisher = "ACM",
	address = "New York, NY, USA"
}

@Article{ CompLabeling,
	author = "Fu Chang and Chun-Jen Chen and Chi-Jen Lu",
	title = "A linear-time component-labeling algorithm using contour tracing technique",
	journal = "Comput. Vis. Image Underst.",
	volume = "93",
	number = "2",
	year = "2004",
	issn = "1077-3142",
	pages = "206--220",
	doi = "http://dx.doi.org/10.1016/j.cviu.2003.09.002",
	publisher = "Elsevier Science Inc.",
	address = "New York, NY, USA"
}

@PhDThesis{ GirondelThese,
	title = "Contribution à l'analyse et à l'interprétation du mouvement humain : Application à la reconnaissance de postures",
	author = "Vincent GIRONDEL",
	school = "Institut Nationale Polytechnique de Grenoble",
	year = "2006"
}

@Article{ WangGlove,
	author = "Robert Y. Wang and Jovan Popovi{\'c}",
	title = "Real-time hand-tracking with a color glove",
	journal = "ACM Trans. Graph.",
	volume = "28",
	number = "3",
	year = "2009",
	issn = "0730-0301",
	pages = "1--8",
	doi = "http://doi.acm.org/10.1145/1531326.1531369",
	publisher = "ACM",
	address = "New York, NY, USA"
}

@InProceedings{ TorralbaFW08,
	author = "Antonio B. Torralba and Robert Fergus and Yair Weiss",
	booktitle = "CVPR",
	publisher = "IEEE Computer Society",
	title = "Small codes and large image databases for recognition.",
	url = "http://dblp.uni-trier.de/db/conf/cvpr/cvpr2008.html#TorralbaFW08",
	year = "2008",
	keywords = "dblp",
	biburl = "http://www.bibsonomy.org/bibtex/26ac720797f996b73ad9980aff12a1008/dblp",
	date = "2009-02-06"
}

@Article{ BoostMap,
	author = "Vassilis Athitsos and Jonathan Alon and Stan Sclaroff and George Kollios",
	title = "BoostMap: An Embedding Method for Efficient Nearest Neighbor Retrieval",
	journal = "IEEE Transactions on Pattern Analysis and Machine Intelligence",
	volume = "30",
	issn = "0162-8828",
	year = "2008",
	pages = "89--104",
	doi = "http://doi.ieeecomputersociety.org/10.1109/TPAMI.2007.1140",
	publisher = "IEEE Computer Society",
	address = "Los Alamitos, CA, USA"
}

@InProceedings{ NearstNeighbor,
	author = "Michalis Potamias and Vassilis Athitsos",
	title = "Nearest neighbor search methods for handshape recognition",
	booktitle = "PETRA '08: Proceedings of the 1st international conference on PErvasive Technologies Related to Assistive Environments",
	year = "2008",
	isbn = "978-1-60558-067-8",
	pages = "1--8",
	location = "Athens, Greece",
	doi = "http://doi.acm.org/10.1145/1389586.1389622",
	publisher = "ACM",
	address = "New York, NY, USA"
}

@InProceedings{ skinColor,
	author = "Krishnan Nallaperumal and Subban Ravi and C. Nelson Kennedy Babu and R. K. Selvakumar and A. Lenin Fred and Seldev Christopher and S. S. Vinsley",
	title = "Skin Detection Using Color Pixel Classification with Application to Face Detection: A Comparative Study",
	booktitle = "ICCIMA '07: Proceedings of the International Conference on Computational Intelligence and Multimedia Applications (ICCIMA 2007)",
	year = "2007",
	isbn = "0-7695-3050-8",
	pages = "436--441",
	doi = "http://dx.doi.org/10.1109/ICCIMA.2007.390",
	publisher = "IEEE Computer Society",
	address = "Washington, DC, USA"
}

@Article{ ColorClassification,
	author = "Son Lam Phung and Abdesselam Bouzerdoum and Douglas Chai",
	title = "Skin Segmentation Using Color Pixel Classification: Analysis and Comparison",
	journal = "IEEE Trans. Pattern Anal. Mach. Intell.",
	volume = "27",
	number = "1",
	year = "2005",
	issn = "0162-8828",
	pages = "148--154",
	doi = "http://dx.doi.org/10.1109/TPAMI.2005.17",
	publisher = "IEEE Computer Society",
	address = "Washington, DC, USA"
}

